% This file was created with JabRef 2.10.
% Encoding: UTF-8


@Misc{hid-sp18-503-REST,
  Title                    = {What is REST?},

  Author                   = {{Codecademy}},
  HowPublished             = {Codecademy articles website},
  Year                     = {2018},

  Owner                    = {arnav},
  Timestamp                = {2018.03.29},
  Url                      = {https://www.codecademy.com/articles/what-is-rest}
}

@InBook{las-example00,
  Title                    = {The title of book one},
  Author                   = {Gregor von Laszewski},
  Editor                   = {Ian Editor},
  Publisher                = {University of Chicago Press},
  Year                     = {2007},

  Address                  = {Chicago},
  Edition                  = {1st.},
  Series                   = {The name of the series one},
  Volume                   = {9},

  Doi                      = {10.1007/3-540-09237-4},
  Subtitle                 = {The book subtitle},
  Url                      = {http://dx.doi.org/10.1007/3-540-09456-9}
}

@InBook{editor00,
  Title                    = {The title of book one},
  Editor                   = {Ian Editor},
  Publisher                = {University of Chicago Press},
  Year                     = {2007},

  Address                  = {Chicago},
  Edition                  = {1st.},
  Series                   = {The name of the series one},
  Volume                   = {9},

  Doi                      = {10.1007/3-540-09237-4},
  Subtitle                 = {The book subtitle},
  Url                      = {http://dx.doi.org/10.1007/3-540-09456-9}
}

