% This file was created with JabRef 2.10.
% Encoding: UTF-8


@Misc{hid-sp18-503-mtls-white-paper,
  Title                    = {White Paper - Milagro TLS Library},

  Author                   = {Alessandro Budroni, Kealan McCusker},
  HowPublished             = {Apache Milagro Website},

  Owner                    = {arnav},
  Timestamp                = {2018.03.23},
  Url                      = {http://docs.milagro.io/en/tls/milagro-tls-library-white-paper.html}
}

@Misc{hid-sp18-503-dta-image,
  Title                    = {apache milagro image.},

  Author                   = {{Apache Milagro}},
  HowPublished             = {Apache milagro website},

  Owner                    = {arnav},
  Timestamp                = {2018.03.25},
  Url                      = {http://docs.milagro.io/en/img/D-TA.png}
}

@Misc{hid-sp18-503-mfa-install,
  Title                    = {Developer Guide - Milagro Multi-Factor Authentication},

  Author                   = {{Apache Milagro}},
  HowPublished             = {Apache Milagro Website},

  Owner                    = {arnav},
  Timestamp                = {2018.03.25},
  Url                      = {http://docs.milagro.io/en/mfa/getting-started/milagro-mfa-developer-guide.html}
}

@Misc{hid-sp18-503-milagro-protocols,
  Title                    = {Pairing Crypto Protocols},

  Author                   = {{Apache Milagro}},
  HowPublished             = {Aoache Milagro website},

  Owner                    = {arnav},
  Timestamp                = {2018.03.23},
  Url                      = {http://docs.milagro.io/en/pairing-crypto-protocols.html}
}

@Misc{hid-sp18-503-milagro-concepts,
  Title                    = {Milagro Crypto Concepts},

  Author                   = {{Apache Milagro}},
  HowPublished             = {Apache milagro website},
  Year                     = {2018},

  Owner                    = {arnav},
  Timestamp                = {2018.03.23},
  Url                      = {http://docs.milagro.io/en/milagro-concepts.html}
}

@Misc{hid-sp18-503-milagro-docs-overview,
  Title                    = {Introduction},

  Author                   = {{Apache Milagro}},
  HowPublished             = {Apacha milagro website},
  Year                     = {2018},

  Owner                    = {arnav},
  Timestamp                = {2018.03.23},
  Url                      = {http://docs.milagro.io/en/}
}

@Misc{hid-sp18-503-milagro-website,
  Title                    = {Apache Milagro: Distributed Cryptosystem for Cloud Computing},

  Author                   = {{Apache Milagro}},
  HowPublished             = {Apache Milagro website},
  Year                     = {2018},

  Owner                    = {arnav},
  Timestamp                = {2018.03.23},
  Url                      = {https://milagro.incubator.apache.org/}
}

@Misc{hid-sp18-503-milagro-mfa,
  Title                    = {Milagro MFA Overview},

  Author                   = {{Apache Milaro}},
  HowPublished             = {Apache Milagro website},

  Owner                    = {arnav},
  Timestamp                = {2018.03.23},
  Url                      = {http://docs.milagro.io/en/mfa/getting-started/milagro-mfa-overview.html}
}

@Misc{hid-sp18-503-securityweek-ssl-threats,
  Title                    = {Examining Threats Facing Public Key Infrastructure (PKI) and Secure Socket Layer (SSL)},

  Author                   = {Noa Bar-Yosef},
  HowPublished             = {securityweek.com website},
  Month                    = {February},
  Year                     = {2012},

  Owner                    = {arnav},
  Timestamp                = {2018.03.23},
  Url                      = {https://www.securityweek.com/examining-threats-facing-public-key-infrastructure-pki-and-secure-socket-layer-ssl}
}

@Misc{hid-sp18-503-vb-app-centric,
  Title                    = {What is application-centric infrastructure?},

  Author                   = {Michael Bushong},
  HowPublished             = {Venturebeat.com website},
  Month                    = {November},
  Year                     = {2013},

  Owner                    = {arnav},
  Timestamp                = {2018.03.23},
  Url                      = {https://venturebeat.com/2013/11/05/what-is-application-centric-infrastructure/}
}

@Misc{hid-sp18-503-medium-elliptic-curves,
  Title                    = {Exploring Elliptic Curve Pairings},

  Author                   = {Vitalik Buterin},
  HowPublished             = {Medium.com website},
  Month                    = {January},
  Year                     = {2017},

  Owner                    = {arnav},
  Timestamp                = {2018.03.23},
  Url                      = {https://medium.com/@VitalikButerin/exploring-elliptic-curve-pairings-c73c1864e627}
}

@Article{hid-sp18-503-ten-pki-risks,
  Title                    = {Ten risks of PKI: What you're not being told about public key infrastructure},
  Author                   = {Ellison, Carl and Schneier, Bruce},
  Journal                  = {Comput Secur J},
  Year                     = {2000},
  Number                   = {1},
  Pages                    = {1--7},
  Volume                   = {16},

  Url                      = {https://www.schneier.com/academic/paperfiles/paper-pki.pdf}
}

@Misc{hid-sp18-503-cso-pki-problems,
  Title                    = {4 fatal problems with PKI},

  Author                   = {Roger A. Grimes},
  HowPublished             = {csoonline.com website},
  Month                    = {June},
  Year                     = {2015},

  Owner                    = {arnav},
  Timestamp                = {2018.03.23},
  Url                      = {https://www.csoonline.com/article/2942072/security/4-fatal-problems-with-pki.html}
}

@Misc{hid-sp18-503-bmc-app-centric,
  Title                    = {Today's Enterprises Need Application-Centric Clouds},

  Author                   = {Shawn Jaques},
  HowPublished             = {bmc.com blogs website},
  Month                    = {May},
  Year                     = {2016},

  Owner                    = {arnav},
  Timestamp                = {2018.03.23},
  Url                      = {http://www.bmc.com/blogs/todays-enterprises-need-application-centric-clouds/}
}

@InBook{las-example00,
  Title                    = {The title of book one},
  Author                   = {Gregor von Laszewski},
  Editor                   = {Ian Editor},
  Publisher                = {University of Chicago Press},
  Year                     = {2007},

  Address                  = {Chicago},
  Edition                  = {1st.},
  Series                   = {The name of the series one},
  Volume                   = {9},

  Doi                      = {10.1007/3-540-09237-4},
  Subtitle                 = {The book subtitle},
  Url                      = {http://dx.doi.org/10.1007/3-540-09456-9}
}

@Misc{hid-sp18-503-centrify-mfa,
  Title                    = {Why Organizations Need Adaptive Multi-factor Authentication (MFA)},

  Author                   = {Chanse Mears},
  HowPublished             = {centrify blogs website},
  Month                    = {december},
  Year                     = {2016},

  Owner                    = {arnav},
  Timestamp                = {2018.03.23},
  Url                      = {https://blog.centrify.com/adaptive-multi-factor-authentication-mfa/}
}

@Misc{hid-sp18-503-mcl-white-paper,
  Title                    = {White Paper - Milagro Crypto Library},

  Author                   = {Mike Scott},
  HowPublished             = {Apache milagro website},

  Owner                    = {arnav},
  Timestamp                = {2018.03.23}
}

@Misc{hid-sp18-503-distlab-pki-problems,
  Title                    = {Problems of centralized PKI},

  Author                   = {Bohdan Skriabin},
  HowPublished             = {distributedlab.com website},
  Month                    = {december},
  Year                     = {2017},

  Owner                    = {arnav},
  Timestamp                = {2018.03.23},
  Url                      = {https://distributedlab.com/blog/problems-of-centralized-pki}
}

@Misc{hid-sp18-503-cacert-wiki-pki-history,
  Title                    = {History of Risks \& Threat Events to CAs and PKI},

  Author                   = {SunTzuMelange},
  HowPublished             = {cacert.org website},
  Month                    = {April},
  Year                     = {2017},

  Owner                    = {arnav},
  Timestamp                = {2018.03.23},
  Url                      = {http://wiki.cacert.org/Risk/History}
}

@InBook{editor00,
  Title                    = {The title of book one},
  Editor                   = {Ian Editor},
  Publisher                = {University of Chicago Press},
  Year                     = {2007},

  Address                  = {Chicago},
  Edition                  = {1st.},
  Series                   = {The name of the series one},
  Volume                   = {9},

  Doi                      = {10.1007/3-540-09237-4},
  Subtitle                 = {The book subtitle},
  Url                      = {http://dx.doi.org/10.1007/3-540-09456-9}
}

